<?xml version="1.0" encoding="UTF-8"?><collection xmlns="http://www.loc.gov/MARC21/slim"><record><leader>00657nam--2200169-u-4500</leader><controlfield tag="001">000054562</controlfield><controlfield tag="002">20161230</controlfield><controlfield tag="005">20161230201051</controlfield><controlfield tag="008">120127s1000------------r-----000-0-eng-d</controlfield><datafield ind1=" " ind2=" " tag="040"><subfield code="a">IFIN-HH</subfield></datafield><datafield ind1=" " ind2=" " tag="080"><subfield code="a">539.12.162.8(061.3)</subfield></datafield><datafield ind1="1" ind2=" " tag="100"><subfield code="a">Petiau, P./S.A.</subfield></datafield><datafield ind1="1" ind2="0" tag="245"><subfield code="a">21eme conference internationale de physique des hautes energies</subfield><subfield code="b">21st international conference on high energy physics, paris, fraance, july 26th-31st, 1982; journal de physique tome 42 colloque c-3, suplement au no 12</subfield><subfield code="c">P. petiau, m. porneuf (eds.)</subfield></datafield><datafield ind1=" " ind2=" " tag="260"><subfield code="a">Les Ulis Cedex</subfield><subfield code="b">Les Editions De Physique</subfield><subfield code="c">1982</subfield></datafield><datafield ind1=" " ind2=" " tag="300"><subfield code="a">803P</subfield></datafield><datafield ind1=" " ind2=" " tag="852"><subfield code="a">78978</subfield><subfield code="c">539.12</subfield></datafield><datafield ind1=" " ind2=" " tag="CAT"><subfield code="a">Sys</subfield><subfield code="c">20120127</subfield><subfield code="h">133304</subfield></datafield></record></collection>